<?xml version="1.0" encoding="UTF-8"?><collection xmlns="http://www.loc.gov/MARC21/slim"><record><leader>00534nam--2200169-i-4500</leader><controlfield tag="001">000002417</controlfield><controlfield tag="002">20161230</controlfield><controlfield tag="005">20161230201025</controlfield><controlfield tag="008">060222s1000------------r-----000-0-eng-d</controlfield><datafield ind1=" " ind2=" " tag="040"><subfield code="a">IFIN-HH</subfield></datafield><datafield ind1="1" ind2=" " tag="100"><subfield code="a">Green, Herbert S</subfield></datafield><datafield ind1="1" ind2="0" tag="245"><subfield code="a">The molecular theory of fluids</subfield><subfield code="c">Herbert s. green</subfield></datafield><datafield ind1=" " ind2=" " tag="260"><subfield code="a">Amsterdam, North-holland Publ. Co., 1952</subfield></datafield><datafield ind1=" " ind2=" " tag="300"><subfield code="a">VIII + 264 P</subfield></datafield><datafield ind1=" " ind2=" " tag="490"><subfield code="a">Deformation and Flow. Monographs on the Rheological Behavoiur of Natural and Synthetic Products</subfield></datafield><datafield ind1=" " ind2=" " tag="852"><subfield code="a">15645</subfield><subfield code="c">532</subfield></datafield><datafield ind1=" " ind2=" " tag="CAT"><subfield code="a">Sys</subfield><subfield code="c">20100713</subfield><subfield code="h">105203</subfield></datafield></record></collection>